
@article{say07,
  author =	"Sayfan, G.",
  title =	"Building Your Own Plugin Framework, Parts 1~--~5",
  journal =	"Dr\@. Dobbs",
  month =	nov,
  year =	2007,
  note =	"Online at http://drdobbs.com/cpp/204202899 (first of
  		 five parts)."
}
